@misc{ wiki:genealogy,
    author = "Wikipedia",
    title = "Genealogy --- Wikipedia{,} The Free Encyclopedia",
    year = "2016",
    url = "https://en.wikipedia.org/w/index.php?title=Genealogy&oldid=735149060",
    note = "[Online; accessed 25-August-2016]"
}

@misc{ spainCivilRegistry,
    author = "Antonio Alfaro de Prado",
    title = "El registro civil de España (1871---¿?)",
    year = "2015",
    url = "http://www.genealogiahispana.com/archivos/el-registro-civil-de-espana-1871/",
    note = "[Online; accessed 25-August-2016]"
}

@misc{ moralRights,
    author = "David Úbeda Fuster",
    title = "Com afecta la legislació actual a la feina del genealogista?",
    year = "2010",
    url = "http://upcommons.upc.edu/bitstream/handle/2099.1/9460/60418.pdf",
    note = "[Online; accessed 25-August-2016]"
}

@misc{ wiki:fsEthics,
    author = "FamilySearch Wiki",
    title = "Genealogical Ethics (National Institute) --- FamilySearch Wiki{,} ",
    year = "2015",
    url = "https://familysearch.org/wiki/en/index.php?title=Genealogical_Ethics_(National_Institute)&oldid=2301878",
    note = "[Online; accessed 25-August-2016]"
}

@misc{ wiki:fsResearchProcess,
    author = "FamilySearch Wiki",
    title = "Research Process --- FamilySearch Wiki{,} ",
    year = "2016",
    url = "https://familysearch.org/wiki/en/index.php?title=Research_Process&oldid=2567582",
    note = "[Online; accessed 25-August-2016]"
}

@misc{ understandingSources,
    author = "Rhonda R. McClure",
    title = "Understanding Sources",
    year = "2002",
    url = "http://www.genealogy.com/articles/twigs/rhonda011702.html",
    note = "[Online; accessed 25-August-2016]"
}

@misc{ familysearchPortal,
    author = "FamilySearch Organization",
    title = "FamilySearch webpage",
    year = "2015",
    url = "https://familysearch.org",
    note = "[Online; accessed 25-August-2016]"
}

@misc{ familysearchPortal,
    author = "FamilySearch Organization",
    title = "FamilySearch webpage",
    year = "2015",
    url = "https://familysearch.org",
    note = "[Online; accessed 25-August-2016]"
}

@misc{ mormonsFamily,
    author = "Church of Jesus Christ of Latter-Day Saints",
    title = "The Family",
    year = "2016",
    url = "https://discover.mormon.org/en-us/topics/the-family/",
    note = "[Online; accessed 25-August-2016]"
}

@misc{ wiki:mormons,
   author = "Wikipedia",
   title = "The Church of Jesus Christ of Latter-day Saints --- Wikipedia{,} The Free Encyclopedia",
   year = "2016",
   url = "https://en.wikipedia.org/w/index.php?title=The_Church_of_Jesus_Christ_of_Latter-day_Saints&oldid=735587626",
   note = "[Online; accessed 25-August-2016]"
 }

 @misc{ fsDevelopers,
    author = "FamilySearch Organization",
    title = "FamilySearch developers portal and documentation",
    year = "2016",
    url = "https://familysearch.org/developers/",
    note = "[Online; accessed 25-August-2016]"
  }

@misc{ wiki:restful,
    author = "Wikipedia",
    title = "Representational state transfer --- Wikipedia{,} The Free Encyclopedia",
    year = "2016",
    url = "https://en.wikipedia.org/w/index.php?title=Representational_state_transfer&oldid=735975196",
    note = "[Online; accessed 25-August-2016]"
}

@misc{ wiki:gedcom,
  author = "Wikipedia",
  title = "GEDCOM --- Wikipedia{,} The Free Encyclopedia",
  year = "2016",
  url = "https://en.wikipedia.org/w/index.php?title=GEDCOM&oldid=731965739",
  note = "[Online; accessed 25-August-2016]"
}

@misc{ wiki:json,
  author = "Wikipedia",
  title = "JSON --- Wikipedia{,} The Free Encyclopedia",
  year = "2016",
  url = "https://en.wikipedia.org/w/index.php?title=JSON&oldid=735120383",
  note = "[Online; accessed 25-August-2016]"
}

@misc{ wiki:xml,
   author = "Wikipedia",
   title = "XML --- Wikipedia{,} The Free Encyclopedia",
   year = "2016",
   url = "https://en.wikipedia.org/w/index.php?title=XML&oldid=736122302",
   note = "[Online; accessed 25-August-2016]"
}

@misc{ wiki:mvc,
   author = "Wikipedia",
   title = "Model–view–controller --- Wikipedia{,} The Free Encyclopedia",
   year = "2016",
   url = "https://en.wikipedia.org/w/index.php?title=Model%E2%80%93view%E2%80%93controller&oldid=735649380",
   note = "[Online; accessed 25-August-2016]"
}

@misc{ layersWebDesign,
   author = "Jennifer Kyrnin",
   title = "The three layers of web design",
   year = "2016",
   url = "http://webdesign.about.com/od/intermediatetutorials/a/aa010707.htm",
   note = "[Online; accessed 25-August-2016]"
}

@misc{ wiki:html5,
   author = "Wikipedia",
   title = "HTML5 --- Wikipedia{,} The Free Encyclopedia",
   year = "2016",
   url = "https://en.wikipedia.org/w/index.php?title=HTML5&oldid=735803895",
   note = "[Online; accessed 25-August-2016]"
 }

@misc{ wiki:css,
   author = "Wikipedia",
   title = "Cascading Style Sheets --- Wikipedia{,} The Free Encyclopedia",
   year = "2016",
   url = "https://en.wikipedia.org/w/index.php?title=Cascading_Style_Sheets&oldid=735986518",
   note = "[Online; accessed 25-August-2016]"
 }

@misc{ mustache,
   author = "Mustache",
   title = "Mustache{,} Logic-less template",
   year = "2016",
   url = "https://mustache.github.io/",
   note = "[Online; accessed 25-August-2016]"
}

@misc{ ejs,
   author = "EJS",
   title = "Embedded Javascript",
   year = "2016",
   url = "http://www.embeddedjs.com/",
   note = "[Online; accessed 25-August-2016]"
}

@misc{ twig,
   author = "TWIG",
   title = "Twig{,} Template Engine for PHP",
   year = "2016",
   url = "http://twig.sensiolabs.org/",
   note = "[Online; accessed 25-August-2016]"
}

@misc{ wiki:javascript,
   author = "Wikipedia",
   title = "JavaScript --- Wikipedia{,} The Free Encyclopedia",
   year = "2016",
   url = "https://en.wikipedia.org/w/index.php?title=JavaScript&oldid=735960528",
   note = "[Online; accessed 25-August-2016]"
}

@misc{ jQuery,
   author = "jQuery",
   title = "jQuery{,} Write less do more",
   year = "2016",
   url = "https://jquery.com/",
   note = "[Online; accessed 25-August-2016]"
}

@misc{ bootstrap,
   author = "Bootstrap",
   title = "Bootstrap{,} HTML CSS JS framework",
   year = "2016",
   url = "https://jquery.com/",
   note = "[Online; accessed 25-August-2016]"
}

@misc{ JavascriptSDK,
   author = "FamilySearch Organization",
   title = "FamilySearch Javascript SDK",
   year = "2016",
   url = "http://familysearch.github.io/familysearch-javascript-sdk/2.5/",
   note = "[Online; accessed 25-August-2016]"
}

@misc{ nodeJS,
   author = "NodeJS",
   title = "NodeJS{,} Javascript Engine",
   year = "2016",
   url = "https://nodejs.org/en/",
   note = "[Online; accessed 25-August-2016]"
}

@misc{ expressjs,
   author = "ExpressJS",
   title = "ExpressJS{,} Node Framework",
   year = "2016",
   url = "https://expressjs.com/",
   note = "[Online; accessed 25-August-2016]"
}

@misc{ npm,
   author = "NPM",
   title = "NPM{,} Package Manager for Javascript",
   year = "2016",
   url = "https://www.npmjs.com/",
   note = "[Online; accessed 25-August-2016]"
}

@misc{ github,
   author = "GitHub",
   title = "GitHub help documentation",
   year = "2016",
   url = "https://help.github.com/",
   note = "[Online; accessed 25-August-2016]"
}

@misc{ ga,
   author = "Google",
   title = "Google Analytics Documentation",
   year = "2016",
   url = "https://developers.google.com/analytics/",
   note = "[Online; accessed 25-August-2016]"
}

@misc{ heroku,
   author = "Heroku",
   title = "Heroku Node.js Documentation",
   year = "2016",
   url = "https://devcenter.heroku.com/categories/nodejs",
   note = "[Online; accessed 25-August-2016]"
}

@misc{ optimizilla,
   author = "Optimizilla",
   title = "Optimizilla{,} Web optimizer",
   year = "2016",
   url = "http://optimizilla.com/",
   note = "[Online; accessed 25-August-2016]"
}

@misc{ promises,
   author = "Forbes Lindesay",
   title = "Promsies overview",
   year = "2016",
   url = "https://www.promisejs.org/",
   note = "[Online; accessed 25-August-2016]"
}

@misc{ smoothScroll,
   author = "Chris Coyier",
   title = "Smooth Scrolling",
   year = "2016",
   url = "https://css-tricks.com/snippets/jquery/smooth-scrolling/",
   note = "[Online; accessed 25-August-2016]"
}

@misc{ injection,
   author = "Mustache",
   title = "Escaping HTML",
   year = "2015",
   url = "https://github.com/janl/mustache.js/blob/master/mustache.js#L60",
   note = "[Online; accessed 25-August-2016]"
}

@misc{ sortObject,
   author = "Wogan",
   title = "Sorting Javascript Objects",
   year = "2016",
   url = "http://stackoverflow.com/questions/1129216/sort-array-of-objects-by-string-property-value-in-javascript",
   note = "[Online; accessed 25-August-2016]"
}

@misc{ geomap,
   author = "Google",
   title = "Geomap Documentation",
   year = "2016",
   url = "https://developers.google.com/chart/interactive/docs/gallery/geomap",
   note = "[Online; accessed 25-August-2016]"
}

@misc{ barchart,
   author = "Google",
   title = "Barchart Documentation",
   year = "2016",
   url = "https://developers.google.com/chart/interactive/docs/gallery/barchart",
   note = "[Online; accessed 25-August-2016]"
}

@misc{ linechart,
   author = "Google",
   title = "Linechart Documentation",
   year = "2016",
   url = "https://developers.google.com/chart/interactive/docs/gallery/linechart",
   note = "[Online; accessed 25-August-2016]"
}

@misc{ preload,
   author = "Ben Lin",
   title = "jQuery Preload",
   year = "2011",
   url = "http://dreamerslab.com/blog/en/preload-images-with-jquery-preload-plugin/",
   note = "[Online; accessed 25-August-2016]"
}

@misc{ cookieSession,
   author = "Cookie Session Collective",
   title = "Cookie Session Documentation",
   year = "2016",
   url = "https://github.com/expressjs/cookie-session/",
   note = "[Online; accessed 25-August-2016]"
}

@misc{ expressParams,
   author = "Chris Sevilleja",
   title = "Use ExpressJS to Get URL and POST Parameters",
   year = "2015",
   url = "https://scotch.io/tutorials/use-expressjs-to-get-url-and-post-parameters",
   note = "[Online; accessed 25-August-2016]"
}

@misc{ localStorage,
   author = "w3schools",
   title = "HTML5 Local Storage",
   year = "2016",
   url = "http://www.w3schools.com/html/html5_webstorage.asp",
   note = "[Online; accessed 25-August-2016]"
}

@misc{ worldPopulatio,
   author = "Population Reference Bureau",
   title = "Distilled Demographics: How Many People Have Ever Lived on Earth?",
   year = "2011",
   url = "https://www.youtube.com/watch?v=7WTctr5kviA",
   note = "[Online; accessed 25-August-2016]"
}

@misc{ populationHighlights,
   author = "Population Reference Bureau",
   title = "2014 World Population Highlights",
   year = "2014",
   url = "https://www.youtube.com/watch?v=h5zplKrc9-0",
   note = "[Online; accessed 25-August-2016]"
}

@misc{ importJavascriptNode,
   author = "Masylum",
   title = "Include Javascript Files to Node",
   year = "2011",
   url = "http://stackoverflow.com/questions/5797852/in-node-js-how-do-i-include-functions-from-my-other-files",
   note = "[Online; accessed 25-August-2016]"
}

@misc{ darkboxLightbox,
   author = "Chris Coyier",
   title = "Design Considerations: Text on images",
   year = "2014",
   url = "https://css-tricks.com/design-considerations-text-images/",
   note = "[Online; accessed 25-August-2016]"
}

@misc{ craetePanel,
   author = "FamilySearch Organization",
   title = "Helper functions Sample App Javascript SDK",
   year = "2015",
   url = "https://github.com/FamilySearch/javascript-sdk-sample-app/blob/master/assets/helpers.js#L241",
   note = "[Online; accessed 25-August-2016]"
}
